@article{Candanedo201628,
title = {{Accurate occupancy detection of an office room from light, temperature, humidity and $CO_2$ measurements using statistical learning models}},
journal = {Energy and Buildings},
volume = {112},
pages = {28 - 39},
year = {2016},
author = {Luis M. Candanedo and Veronique Feldheim}
}

